%---------------------------------------------------------------------------%
%-                                                                         -%
%-                             Bibliography                                -%
%-                                                                         -%
%---------------------------------------------------------------------------%\
@article{kang2020everything,
  title={Everything leaves footprints: Hardware accelerated intermittent deep inference},
  author={Kang, Chih-Kai and Mendis, Hashan Roshantha and Lin, Chun-Han and Chen, Ming-Syan and Hsiu, Pi-Cheng},
  journal={IEEE Transactions on Computer-Aided Design of Integrated Circuits and Systems},
  volume={39},
  number={11},
  pages={3479--3491},
  year={2020},
  publisher={IEEE}
}

@misc{RTPS,
  author = {Object Management Group},
  year = {2014},
  url = {https://www.omg.org/spec/DDSI-RTPS/2.2/},
  urldate = {March 9, 2021},
  title = {DDS Interoperability Wire Protocol}
}

@misc{OpenDDS,
  author = {OpenDDS},
  year = {2019},
  url = {https://www.opendds.org},
  urldate = {March 9, 2021},
  title = {OpenDDS}
}

@misc{ConnextDDS,
  author = {Real-Time Innovations},
  year = {2019},
  url = {https://www.rti.com/},
  urldate = {March 9, 2021},
  title = {ConnextDDS}
}

@misc{XRCE,
  author = {Object Management Group},
  year = {2019},
  url = {https://www.omg.org/spec/ DDS-XRCE/1.0/Beta2},
  urldate = {March 9, 2021},
  title = {DDS for Extremely Resource Constrained Environments}
}

@inproceedings{kampmann2019portable,
  title = {A {{Portable Implementation}} of the {{Real}}-{{Time Publish}}-{{Subscribe Protocol}} for {{Microcontrollers}} in {{Distributed Robotic Applications}}},
  booktitle = {{{0Confs}}},
  author = {Kampmann, Alexandru and Wustenberg, Andreas and Alrifaee, Bassam and Kowalewski, Stefan},
  year = {2019},
  pages = {448},
  doi = {10.1109/ITSC.2019.8916835}
}









